%% This BibTeX bibliography file was created using BibDesk.
%% http://bibdesk.sourceforge.net/


%% Created for Maximiliano Udenio at 2017-11-23 15:05:53 +0100 


%% Saved with string encoding Unicode (UTF-8) 



@book{Tzeng:2011,
	Author = {Tzeng, Gwo-Hshiung and Huang, Jih-Jeng},
	Date-Added = {2017-11-23 14:05:50 +0000},
	Date-Modified = {2017-11-23 14:05:53 +0000},
	Publisher = {CRC press},
	Title = {Multiple attribute decision making: methods and applications},
	Year = {2011}}

@techreport{CDP:2015,
	Author = {CDP},
	Date-Added = {2017-11-11 16:41:23 +0000},
	Date-Modified = {2017-11-11 16:41:23 +0000},
	Institution = {Carbon Disclosure Project},
	Title = {Accelerating Action: CDP Water Report 2015},
	Year = {2015}}

@article{Orr:2011a,
	Author = {Orr, Stuart and S{\'a}nchez-Navarro, R and Schmidt, G and Seiz-Puyuelo, R and Smith, K and Verberne, J},
	Date-Added = {2017-11-10 17:09:26 +0000},
	Date-Modified = {2017-11-10 17:09:30 +0000},
	Journal = {WWF-Germany, January},
	Title = {Assessing Water Risk. A Practical Approach for Financial Institutions},
	Year = {2011}}

@techreport{WHO:2016,
	Author = {WHO and Unicef},
	Date-Added = {2017-11-10 17:07:20 +0000},
	Date-Modified = {2017-11-10 17:08:56 +0000},
	Institution = {World Health Organization and Unicef},
	Title = {WHO/UNICEF Joint Monitoring Programme (JMP) for Water Supply and Sanitation.},
	Url = {http://www.wssinfo.org/},
	Year = {2016},
	Bdsk-Url-1 = {http://www3.weforum.org/docs/WEF_Global_Risks_2015_Report15.pdf}}

@article{Vaidya:2006,
	Author = {Vaidya, Omkarprasad S and Kumar, Sushil},
	Date-Added = {2017-11-10 17:06:59 +0000},
	Date-Modified = {2017-11-10 17:07:02 +0000},
	Journal = {European Journal of operational research},
	Number = {1},
	Pages = {1--29},
	Publisher = {Elsevier},
	Title = {Analytic hierarchy process: An overview of applications},
	Volume = {169},
	Year = {2006}}

@article{Sheffield:2008,
	Author = {Sheffield, Justin and Wood, Eric F},
	Date-Added = {2017-11-10 17:06:33 +0000},
	Date-Modified = {2017-11-10 17:06:35 +0000},
	Journal = {Climate dynamics},
	Number = {1},
	Pages = {79--105},
	Publisher = {Springer},
	Title = {Projected changes in drought occurrence under future global warming from multi-model, multi-scenario, IPCC AR4 simulations},
	Volume = {31},
	Year = {2008}}

@article{Saaty:1987,
	Author = {Saaty, Roseanna W},
	Date-Added = {2017-11-10 17:05:53 +0000},
	Date-Modified = {2017-11-10 17:05:55 +0000},
	Journal = {Mathematical modelling},
	Number = {3-5},
	Pages = {161--176},
	Publisher = {Elsevier},
	Title = {The analytic hierarchy process---what it is and how it is used},
	Volume = {9},
	Year = {1987}}

@article{Romeu:2003,
	Author = {Romeu, Jorge Luis},
	Date-Added = {2017-11-10 17:05:31 +0000},
	Date-Modified = {2017-11-10 17:05:33 +0000},
	Journal = {START: Selected Topics in Assurance Related Technologies},
	Number = {6},
	Title = {Kolmogorov-simirnov: A goodness of fit test for small samples},
	Volume = {10},
	Year = {2003}}

@techreport{Reig:2013,
	Author = {Reig, Paul and Shiao, Tien and Gassert, Francis},
	Date-Added = {2017-11-10 17:05:09 +0000},
	Date-Modified = {2017-11-10 17:05:11 +0000},
	Institution = {Working Paper. Washington, DC: World Resources Institute. Available online at http://www. wri. org/publication/aqueduct-water-risk-framework},
	Title = {Aqueduct Water Risk Framework},
	Year = {2013}}

@article{Momani:2011,
	Author = {Momani, Amer M and Ahmed, Abdulaziz A},
	Date-Added = {2017-11-10 17:04:33 +0000},
	Date-Modified = {2017-11-10 17:04:36 +0000},
	Journal = {World Academy of Science, Engineering and Technology},
	Pages = {953--958},
	Title = {Material handling equipment selection using hybrid Monte Carlo simulation and analytic hierarchy process},
	Volume = {59},
	Year = {2011}}

@article{Luck:2015,
	Author = {Luck, Matt and Landis, Matt and Gassert, Francis},
	Date-Added = {2017-11-10 17:04:07 +0000},
	Date-Modified = {2017-11-10 17:04:10 +0000},
	Journal = {Technical Note. Washington, DC: World Resources Institute. Available online at: http://www. wri. org/publication/aqueduct-waterstress-projections},
	Title = {Aqueduct Water Stress Projections: Decadal projections of water supply and demand using CMIP5 GCMs},
	Year = {2015}}

@article{Kaufmann:2011,
	Author = {Kaufmann, Daniel and Kraay, Aart and Mastruzzi, Massimo},
	Date-Added = {2017-11-10 17:03:36 +0000},
	Date-Modified = {2017-11-10 17:03:37 +0000},
	Journal = {Hague Journal on the Rule of Law},
	Number = {2},
	Pages = {220--246},
	Publisher = {Cambridge University Press},
	Title = {The worldwide governance indicators: methodology and analytical issues},
	Volume = {3},
	Year = {2011}}

@article{Ishizaka:2011,
	Author = {Ishizaka, Alessio and Labib, Ashraf},
	Date-Added = {2017-11-10 17:03:11 +0000},
	Date-Modified = {2017-11-10 17:03:14 +0000},
	Journal = {Expert systems with applications},
	Number = {11},
	Pages = {14336--14345},
	Publisher = {Elsevier},
	Title = {Review of the main developments in the analytic hierarchy process},
	Volume = {38},
	Year = {2011}}

@article{Hauser:1996,
	Author = {Hauser, David and Tadikamalla, Pandu},
	Date-Added = {2017-11-10 17:02:49 +0000},
	Date-Modified = {2017-11-10 17:02:52 +0000},
	Journal = {European Journal of Operational Research},
	Number = {1},
	Pages = {27--37},
	Publisher = {Elsevier},
	Title = {The analytic hierarchy process in an uncertain environment: a simulation approach},
	Volume = {91},
	Year = {1996}}

@misc{Gassert:2013,
	Author = {Gassert, FRANCIS and Reig, PAUL and Luo, TIANYI and Maddocks, ANDREW},
	Date-Added = {2017-11-10 17:02:24 +0000},
	Date-Modified = {2017-11-10 17:02:28 +0000},
	Publisher = {Washington DC},
	Title = {A Weighted Aggregation Of Spatially Distinct Hyrological Indicators},
	Year = {2013}}

@article{Gassert:2014,
	Author = {Gassert, Francis and Luck, Matt and Landis, Matt and Reig, Paul and Shiao, Tien},
	Date-Added = {2017-11-10 17:01:56 +0000},
	Date-Modified = {2017-11-10 17:02:00 +0000},
	Journal = {Washington, DC: World Resources Institute. http://www. wri. org/sites/default/files/Aqueduct\_Global\_Maps\_2},
	Title = {Aqueduct global maps 2.1: Constructing decision-relevant global water risk indicators},
	Year = {2014}}

@techreport{FAO:2016,
	Author = {OECD},
	Date-Added = {2017-11-10 16:59:41 +0000},
	Date-Modified = {2017-11-10 17:01:25 +0000},
	Institution = {Food and Agriculture Organization of the United Nations.},
	Lastchecked = {Retrieved June 5, 2016.},
	Title = {AQUASTAT Main Database.},
	Url = {http://www.fao.org/nr/water/aquastat/data/query/index.html},
	Year = {2016},
	Bdsk-Url-1 = {http://www.fao.org/nr/water/aquastat/data/query/index.html}}

@book{Diop:2002,
	Author = {Diop, Salif},
	Date-Added = {2017-11-10 16:59:20 +0000},
	Date-Modified = {2017-11-10 16:59:24 +0000},
	Publisher = {UNEP/Earthprint},
	Title = {Vital water graphics: an overview of the state of the world's fresh and marine waters},
	Volume = {1},
	Year = {2002}}

@article{Banuelas:2004,
	Author = {Banuelas, R and Antony*, J},
	Date-Added = {2017-11-10 16:58:55 +0000},
	Date-Modified = {2017-11-10 16:58:57 +0000},
	Journal = {International Journal of Production Research},
	Number = {18},
	Pages = {3851--3872},
	Publisher = {Taylor \& Francis},
	Title = {Modified analytic hierarchy process to incorporate uncertainty and managerial aspects},
	Volume = {42},
	Year = {2004}}

@inproceedings{Babu:2006,
	Author = {Babu, GJ and Feigelson, ED},
	Booktitle = {Astronomical Data Analysis Software and Systems XV},
	Date-Added = {2017-11-10 16:58:29 +0000},
	Date-Modified = {2017-11-10 16:58:32 +0000},
	Pages = {127},
	Title = {Astrostatistics: Goodness-of-fit and all that!},
	Volume = {351},
	Year = {2006}}

@article{Ataei:2013,
	Author = {Ataei, Mohammad and Shahsavany, Hashem and Mikaeil, Reza},
	Date-Added = {2017-11-10 16:57:44 +0000},
	Date-Modified = {2017-11-10 16:57:48 +0000},
	Journal = {International Journal of Mining Science and Technology},
	Number = {4},
	Pages = {573--578},
	Publisher = {Elsevier},
	Title = {Monte Carlo Analytic Hierarchy Process (MAHP) approach to selection of optimum mining method},
	Volume = {23},
	Year = {2013}}

@book{Vijver:2009,
	Author = {van de Vijver, Mark Angele Roger and others},
	Date-Added = {2017-07-14 14:48:45 +0000},
	Date-Modified = {2017-07-14 14:48:49 +0000},
	Publisher = {CentER, Tilburg University},
	Title = {Collaboration in buyer-supplier relationships},
	Year = {2009}}

@article{Hashemi:2013,
	Author = {Hashemi, S H and Karimi, A and Aghakhani, N},
	Date-Added = {2017-07-14 14:46:41 +0000},
	Date-Modified = {2017-07-14 14:46:43 +0000},
	Journal = {Grey Systems and {\ldots}},
	Pages = {402--405},
	Title = {{A grey-based carbon management model for green supplier selection}},
	Year = {2013}}

@article{Govindan:2015,
	Author = {Govindan, Kannan and Rajendran, Sivakumar and Sarkis, Joseph and Murugesan, P},
	Date-Added = {2017-07-14 13:25:03 +0000},
	Date-Modified = {2017-07-14 13:25:05 +0000},
	Journal = {Journal of Cleaner Production},
	Month = jul,
	Number = {C},
	Pages = {66--83},
	Title = {{Multi criteria decision making approaches for green supplier evaluation and selection: a literature review}},
	Volume = {98},
	Year = {2015}}

@article{Ho:2010,
	Author = {Ho, William and Xu, Xiaowei and Dey, Prasanta K},
	Date-Added = {2017-07-14 13:24:42 +0000},
	Date-Modified = {2017-07-14 13:24:44 +0000},
	Journal = {European Journal of Operational Research},
	Month = apr,
	Number = {1},
	Pages = {16--24},
	Title = {{Multi-criteria decision making approaches for supplier evaluation and selection: A literature review}},
	Volume = {202},
	Year = {2010}}

@article{Ittner:1999,
	Author = {Ittner, C D and Larcker, D F and Nagar, V and Rajan, M V},
	Date-Added = {2017-07-14 13:24:33 +0000},
	Date-Modified = {2017-07-14 13:24:35 +0000},
	Journal = {Journal of Accounting and {\ldots}},
	Number = {3},
	Pages = {253--281},
	Title = {{Supplier selection, monitoring practices, and firm performance}},
	Volume = {18},
	Year = {1999}}

@article{Hahn:1990,
	Author = {Hahn, Chan K. and Watts, Charles A. and Kim, Kee Young},
	Date-Added = {2017-07-14 13:23:08 +0000},
	Date-Modified = {2017-07-14 13:23:11 +0000},
	Doi = {10.1111/j.1745-493X.1990.tb00498.x},
	Issn = {1745-493X},
	Journal = {Journal of Purchasing and Materials Management},
	Number = {2},
	Pages = {2--7},
	Title = {The Supplier Development Program: A Conceptual Model},
	Url = {http://dx.doi.org/10.1111/j.1745-493X.1990.tb00498.x},
	Volume = {26},
	Year = {1990},
	Bdsk-Url-1 = {http://dx.doi.org/10.1111/j.1745-493X.1990.tb00498.x}}

@article{Ivens:2009,
	Author = {Ivens, Bj{\"o}rn Sven and Pardo, Catherine and Salle, Robert and Cova, Bernard},
	Date-Added = {2017-07-14 13:18:24 +0000},
	Date-Modified = {2017-07-14 13:18:26 +0000},
	Journal = {Industrial Marketing Management},
	Month = jul,
	Number = {5},
	Pages = {513--519},
	Title = {{Relationship keyness: The underlying concept for different forms of key relationship management}},
	Volume = {38},
	Year = {2009}}

@article{Modi:2007,
	Author = {Modi, Sachin B and Mabert, Vincent A},
	Date-Added = {2017-07-14 13:18:12 +0000},
	Date-Modified = {2017-07-14 13:18:14 +0000},
	Journal = {Journal of Operations Management},
	Month = jan,
	Number = {1},
	Pages = {42--64},
	Title = {{Supplier development: Improving supplier performance through knowledge transfer}},
	Volume = {25},
	Year = {2007}}

@article{Ivens:2013,
	Author = {Ivens, Bj{\"o}rn Sven and van de Vijver, Mark and Vos, Bart},
	Date-Added = {2017-07-14 13:18:01 +0000},
	Date-Modified = {2017-07-14 13:18:03 +0000},
	Journal = {Industrial Marketing Management},
	Month = feb,
	Number = {2},
	Pages = {135--138},
	Title = {{Managing and developing key supplier relationships: An introduction to the special issue, discussion and implications}},
	Volume = {42},
	Year = {2013}}

@article{Zimmer:2015,
	Author = {Zimmer, Konrad and Fr{\"o}hling, Magnus and Schultmann, Frank},
	Date-Added = {2017-07-14 13:15:02 +0000},
	Date-Modified = {2017-07-14 13:15:05 +0000},
	Journal = {International Journal of Production Research},
	Number = {5},
	Pages = {1412--1442},
	Title = {{Sustainable supplier management {\textendash} a review of models supporting sustainable supplier selection, monitoring and development}},
	Volume = {54},
	Year = {2015}}

@article{Northey:2017,
	Author = {Northey, Stephen A and Mudd, Gavin M and Werner, Timothy T and Jowitt, Simon M and Haque, Nawshad and Yellishetty, Mohan and Weng, Zhehan},
	Date-Added = {2017-07-13 08:12:50 +0000},
	Date-Modified = {2017-07-13 08:12:53 +0000},
	Journal = {Global Environmental Change},
	Month = may,
	Pages = {109--124},
	Title = {{The exposure of global base metal resources to water criticality, scarcity and climate change}},
	Volume = {44},
	Year = {2017}}

@article{Pfister:2017,
	Author = {Pfister, S and Boulay, A M and Berger, M and Hadjikakou, M},
	Date-Added = {2017-07-13 08:07:43 +0000},
	Date-Modified = {2017-07-13 08:07:46 +0000},
	Journal = {Ecological {\ldots}},
	Pages = {352--359},
	Title = {{Understanding the LCA and ISO water footprint: A response to Hoekstra (2016){\textquotedblleft}A critique on the water-scarcity weighted water footprint in LCA{\textquotedblright}}},
	Volume = {72},
	Year = {2017}}

@article{Liu:2015,
	Author = {Liu, J and Liu, Q and Yang, H},
	Date-Added = {2017-07-13 08:05:51 +0000},
	Date-Modified = {2017-07-13 08:06:20 +0000},
	Journal = {Ecological Indicators},
	Pages = {434-441},
	Title = {{Assessing water scarcity by simultaneously considering environmental flow requirements, water quantity, and water quality}},
	Volume = {60},
	Year = {2016}}

@book{Stern:2007,
	Author = {Stern, Nicholas Herbert},
	Date-Added = {2017-07-13 07:56:33 +0000},
	Date-Modified = {2017-07-13 07:56:36 +0000},
	Publisher = {cambridge University press},
	Title = {The economics of climate change: the Stern review},
	Year = {2007}}

@article{Weitzman:2007,
	Author = {Weitzman, Martin L},
	Date-Added = {2017-07-13 07:53:55 +0000},
	Date-Modified = {2017-07-13 07:54:02 +0000},
	Journal = {Journal of economic literature},
	Pages = {703--724},
	Title = {{A review of the Stern Review on the economics of climate change}},
	Volume = {XLV},
	Year = {2007}}

@article{Tol:2006,
	Author = {Tol, Richard SJ and Yohe, Gary W and others},
	Date-Added = {2017-07-13 07:48:36 +0000},
	Date-Modified = {2017-07-13 07:48:48 +0000},
	Journal = {World Economics},
	Number = {4},
	Pages = {233},
	Publisher = {NTC ECONOMIC AND FINANCIAL PUBLISHING},
	Title = {A review of the Stern Review},
	Volume = {7},
	Year = {2006}}

@webpage{Makower:2014,
	Author = {Makower, J.},
	Date-Added = {2017-07-13 07:35:34 +0000},
	Date-Modified = {2017-07-13 07:40:15 +0000},
	Lastchecked = {July 13, 2017},
	Title = {State of Green Business 2014},
	Url = {http://www.greenbiz.com/research/report/2014/01/19/state-green-business-report- 2014?ms=45828},
	Year = {2014},
	Bdsk-Url-1 = {http://www.reuters.com/article/us-population-water-idUSTRE79O3WO20111025}}

@article{Teuscher:2006,
	Author = {Teuscher, P and Gr{\"u}ninger, B},
	Date-Added = {2017-07-13 07:31:43 +0000},
	Date-Modified = {2017-07-13 07:31:45 +0000},
	Journal = {{\ldots} Social Responsibility and {\ldots}},
	Title = {{Risk management in sustainable supply chain management (SSCM): lessons learnt from the case of GMO-free soybeans}},
	Year = {2006}}

@article{Anderson:2006,
	Author = {Anderson, D R},
	Date-Added = {2017-07-13 07:28:20 +0000},
	Date-Modified = {2017-07-13 07:28:22 +0000},
	Journal = {Risk Management},
	Title = {{The critical importance of sustainability risk management}},
	Year = {2006}}

@article{Chai:2013,
	Author = {Chai, Junyi and Liu, James N K and Ngai, Eric W T},
	Date-Added = {2017-07-13 07:27:10 +0000},
	Date-Modified = {2017-07-13 07:27:15 +0000},
	Journal = {Expert Systems With Applications},
	Month = aug,
	Number = {10},
	Pages = {3872--3885},
	Title = {{Application of decision-making techniques in supplier selection: A systematic review of literature}},
	Volume = {40},
	Year = {2013}}

@article{Tang:2012,
	Author = {Tang, Christopher S and Zhou, Sean},
	Date-Added = {2017-07-12 14:19:24 +0000},
	Date-Modified = {2017-07-12 14:19:30 +0000},
	Journal = {European Journal of Operational Research},
	Number = {3},
	Pages = {585--594},
	Publisher = {North-Holland},
	Title = {Research advances in environmentally and socially sustainable operations},
	Volume = {223},
	Year = {2012}}

@article{Tang:2006,
	Author = {Tang, Christopher S},
	Date-Added = {2017-07-12 14:17:14 +0000},
	Date-Modified = {2017-07-12 14:17:17 +0000},
	Journal = {International Journal of Production Economics},
	Month = oct,
	Number = {2},
	Pages = {451--488},
	Title = {{Perspectives in supply chain risk management}},
	Volume = {103},
	Year = {2006}}

@book{Scholten:2017,
	Author = {Scholten, Kirstin and Fynes, Brian},
	Booktitle = {Sustainable supply chains},
	Date-Added = {2017-07-12 14:14:11 +0000},
	Date-Modified = {2017-07-12 14:14:34 +0000},
	Pages = {413--436},
	Publisher = {Springer},
	Title = {Risk and uncertainty management for sustainable supply chains},
	Year = {2017}}

@article{Cousins:2004,
	Author = {Cousins, Paul D and Lamming, Richard C and Bowen, Frances},
	Date-Added = {2017-07-11 14:54:23 +0000},
	Date-Modified = {2017-07-11 14:54:26 +0000},
	Journal = {International Journal of Operations {\&} Production Management},
	Number = {6},
	Pages = {554--565},
	Title = {{The role of risk in environment-related supplier initiatives}},
	Volume = {24},
	Year = {2004}}

@article{Anderson:2009,
	Author = {Anderson, Dan R and Anderson, Kenneth E},
	Date-Added = {2017-07-11 14:53:15 +0000},
	Date-Modified = {2017-07-11 14:53:18 +0000},
	Journal = {Risk Management and Insurance Review},
	Month = mar,
	Number = {1},
	Pages = {25--38},
	Title = {{Sustainability Risk Management}},
	Volume = {12},
	Year = {2009}}

@article{Hoekstra:2016,
	Author = {Hoekstra, Arjen Y},
	Date-Added = {2017-06-28 12:09:09 +0000},
	Date-Modified = {2017-06-28 12:09:11 +0000},
	Journal = {Ecological indicators},
	Pages = {564--573},
	Publisher = {Elsevier},
	Title = {A critique on the water-scarcity weighted water footprint in LCA},
	Volume = {66},
	Year = {2016}}

@book{Friedman:2005,
	Author = {Friedman, Thomas L},
	Date-Added = {2017-06-28 09:26:55 +0000},
	Date-Modified = {2017-06-28 09:26:59 +0000},
	Publisher = {Macmillan},
	Title = {The world is flat: A brief history of the twenty-first century},
	Year = {2005}}

@article{Sodhi:2012,
	Author = {Sodhi, MMS and Son, B G and Tang, C S},
	Date-Added = {2017-06-28 09:23:52 +0000},
	Date-Modified = {2017-06-28 09:23:54 +0000},
	Journal = {Production and operations {\ldots}},
	Title = {{Researchers' perspectives on supply chain risk management}},
	Year = {2012}}

@article{Giannakis:2016,
	Author = {Giannakis, M and Papadopoulos, T},
	Date-Added = {2017-06-28 09:19:40 +0000},
	Date-Modified = {2017-06-28 09:19:43 +0000},
	Journal = {International Journal of Production {\ldots}},
	Title = {{Supply chain sustainability: A risk management approach}},
	Year = {2016}}

@techreport{Orr:2011,
	Author = {Orr, Stuart and Sanchez-Navarro, R and Schmidt, G and Seiz-Puyuelo, R and Smith, K and Verberne, J},
	Date-Added = {2017-06-28 09:14:52 +0000},
	Date-Modified = {2017-06-28 09:15:30 +0000},
	Institution = {World Wildlife Foundation},
	Title = {Assessing Water Risk. A Practical Approach for Financial Institutions},
	Year = {2011}}

@article{Pelton:2016,
	Author = {Pelton, REO and Li, M and Smith, T M},
	Date-Added = {2017-06-28 09:13:38 +0000},
	Date-Modified = {2017-06-28 09:13:59 +0000},
	Journal = {Environmental science and Technology},
	Title = {Optimizing Eco-Efficiency Across the Procurement Portfolio},
	Year = {2016}}

@techreport{CDP:2017,
	Author = {CDP},
	Date-Added = {2017-06-28 09:09:30 +0000},
	Date-Modified = {2017-11-11 16:41:54 +0000},
	Institution = {Carbon Disclosure Project},
	Title = {Missing link: Harnessing the power of purchasing for a sustainable future},
	Year = {2017}}

@article{Jones:2014,
	Author = {Jones, P and Comfort, D and Hillier, D},
	Date-Added = {2017-06-28 09:08:29 +0000},
	Date-Modified = {2017-06-28 09:08:33 +0000},
	Journal = {Economia Seria Management},
	Title = {{Water Stewardship and Corporate Sustainability}},
	Year = {2014}}

@webpage{Zabarenko:2011,
	Author = {Zabarenko, Deborah},
	Date-Added = {2017-06-28 09:02:24 +0000},
	Date-Modified = {2017-06-28 09:03:52 +0000},
	Lastchecked = {June 28, 2017},
	Month = {October},
	Title = {Water use rising faster than world population},
	Url = {http://www.reuters.com/article/us-population-water-idUSTRE79O3WO20111025},
	Year = {2011},
	Bdsk-Url-1 = {http://www.reuters.com/article/us-population-water-idUSTRE79O3WO20111025}}

@techreport{Steduto:2012,
	Author = {Steduto, P. and Faur{\`e}s, J. and Hoogeveen, J. and Winpenny, J.},
	Date-Added = {2017-06-28 08:59:29 +0000},
	Date-Modified = {2017-06-28 09:23:13 +0000},
	Institution = {Food and Agriculture Organization of the United Nations},
	Number = {38},
	Title = {Coping with water scarcity: an action framework for agriculture and food security.},
	Type = {FAO Water Reports},
	Year = {2012}}

@techreport{WEF:2015,
	Author = {WEF},
	Date-Added = {2017-06-28 08:56:44 +0000},
	Date-Modified = {2017-06-28 08:57:49 +0000},
	Institution = {World Economic Forum},
	Title = {Global Risks 2015},
	Url = {http://www3.weforum.org/docs/WEF_Global_Risks_2015_Report15.pdf},
	Year = {2015},
	Bdsk-Url-1 = {http://www3.weforum.org/docs/WEF_Global_Risks_2015_Report15.pdf}}

@book{Hoekstra:2013,
	Author = {Hoekstra, Arjen Y},
	Date-Added = {2017-06-28 08:55:44 +0000},
	Date-Modified = {2017-06-28 08:55:47 +0000},
	Publisher = {Routledge},
	Title = {The water footprint of modern consumer society},
	Year = {2013}}

@article{Hoekstra:2012,
	Author = {Hoekstra, Arjen Y and Mekonnen, Mesfin M and Chapagain, Ashok K and Mathews, Ruth E and Richter, Brian D},
	Date-Added = {2017-06-28 08:55:16 +0000},
	Date-Modified = {2017-06-28 08:55:19 +0000},
	Journal = {PLoS One},
	Number = {2},
	Pages = {e32688},
	Publisher = {Public Library of Science},
	Title = {Global monthly water scarcity: blue water footprints versus blue water availability},
	Volume = {7},
	Year = {2012}}

@article{Mekonnen:2016,
	Author = {Mekonnen, M M and Hoekstra, A Y},
	Date-Added = {2017-06-28 08:54:22 +0000},
	Date-Modified = {2017-06-28 08:54:25 +0000},
	Journal = {Science advances},
	Title = {{Four billion people facing severe water scarcity}},
	Year = {2016}}

@booklet{Hoekstra:2011,
	Author = {Hoekstra, Arjen Y and Chapagain, Ashok K and Aldaya, Maite M},
	Date-Added = {2017-06-28 08:53:25 +0000},
	Date-Modified = {2017-06-28 08:53:47 +0000},
	Title = {The Water Footprint Assessment Manual},
	Year = {2011}}

@article{Hoekstra:2014,
	Author = {Hoekstra, Arjen Y.},
	Date = {2014/05//print},
	Date-Added = {2017-06-28 08:46:35 +0000},
	Date-Modified = {2017-06-28 08:46:35 +0000},
	Isbn = {1758-678X},
	Journal = {Nature Clim. Change},
	L3 = {10.1038/nclimate2214},
	M3 = {Commentary},
	Month = {05},
	Number = {5},
	Pages = {318--320},
	Publisher = {Nature Publishing Group, a division of Macmillan Publishers Limited. All Rights Reserved.},
	Title = {Water scarcity challenges to business},
	Ty = {JOUR},
	Url = {http://dx.doi.org/10.1038/nclimate2214},
	Volume = {4},
	Year = {2014},
	Bdsk-Url-1 = {http://dx.doi.org/10.1038/nclimate2214}}

@article{Schyns:2015,
	Author = {Schyns, J F and Hoekstra, A Y},
	Date-Added = {2017-06-28 08:43:37 +0000},
	Date-Modified = {2017-06-28 08:43:39 +0000},
	Journal = {Hydrology and Earth {\ldots}},
	Title = {{Review and classification of indicators of green water availability and scarcity}},
	Year = {2015}}

@article{Appolloni:2014,
	Author = {Appolloni, A and Sun, H and Jia, F and Li, X},
	Date-Added = {2017-06-28 08:31:02 +0000},
	Date-Modified = {2017-06-28 08:31:18 +0000},
	Journal = {Journal of Cleaner Production},
	Title = {{Green Procurement in the private sector: a state of the art review between 1996 and 2013}},
	Year = {2014}}

@article{Amindoust:2012,
	Author = {Amindoust, A and Ahmed, S and Saghafinia, A},
	Date-Added = {2017-06-28 08:31:02 +0000},
	Date-Modified = {2017-06-28 08:31:14 +0000},
	Journal = {Applied Soft {\ldots}},
	Title = {{Sustainable supplier selection: A ranking model based on fuzzy inference system}},
	Year = {2012}}

@article{Multaharju:2016,
	Author = {Multaharju, S},
	Date-Added = {2017-06-28 08:31:02 +0000},
	Date-Modified = {2017-06-28 08:31:29 +0000},
	Journal = {Acta Universitatis Lappeenrantaensis},
	Title = {{Managing sustainability-related risks in supply chains}},
	Year = {2016}}

@article{Ouyang:2017,
	Author = {Ouyang, M},
	Date-Added = {2017-06-28 08:31:02 +0000},
	Date-Modified = {2017-06-28 08:31:35 +0000},
	Journal = {European Journal of Operational Research},
	Title = {{A mathematical framework to optimize resilience of interdependent critical infrastructure systems under spatially localized attacks}},
	Year = {2017}}

@article{Aven:2016,
	Author = {Aven, T},
	Date-Added = {2017-06-28 08:31:02 +0000},
	Date-Modified = {2017-06-28 08:31:23 +0000},
	Journal = {European Journal of Operational Research},
	Title = {{Risk assessment and risk management: Review of recent advances on their foundation}},
	Year = {2016}}

@article{Jaehn:2016,
	Author = {Jaehn, F},
	Date-Added = {2017-06-28 08:31:02 +0000},
	Date-Modified = {2017-06-28 08:31:26 +0000},
	Journal = {European Journal of Operational Research},
	Title = {{Sustainable operations}},
	Year = {2016}}

@article{Song:2017,
	Author = {Song, W and Ming, X and Liu, H C},
	Date-Added = {2017-06-28 08:31:02 +0000},
	Date-Modified = {2017-06-28 08:31:40 +0000},
	Journal = {Journal of Cleaner Production},
	Title = {{Identifying critical risk factors of sustainable supply chain management: A rough strength-relation analysis method}},
	Year = {2017}}

@incollection{Olson:2017,
	Address = {Berlin, Heidelberg},
	Author = {Olson, David L and Wu, Desheng Dash},
	Booktitle = {Enterprise Risk Management Models},
	Date-Added = {2017-06-28 08:31:02 +0000},
	Date-Modified = {2017-06-28 08:31:33 +0000},
	Pages = {193--204},
	Publisher = {Springer Berlin Heidelberg},
	Title = {{Sustainability and Enterprise Risk Management}},
	Year = {2017}}

@webpage{Schneider:2016,
	Author = {Schneider, Keith},
	Date-Added = {2017-06-28 08:23:49 +0000},
	Date-Modified = {2017-06-28 08:25:54 +0000},
	Institution = {Circle of blue},
	Lastchecked = {June 28, 2017},
	Month = {May},
	Title = {Understanding Water Risks Drives Global Investors.},
	Url = {http://www.circleofblue.org/2016/water-climate/understanding-water-risks-drive-global-investors/},
	Year = {2016},
	Bdsk-Url-1 = {http://www.circleofblue.org/2016/water-climate/understanding-water-risks-drive-global-investors/}}

@techreport{OECD:2011,
	Author = {OECD},
	Date-Added = {2017-06-28 08:22:35 +0000},
	Date-Modified = {2017-06-28 08:23:19 +0000},
	Institution = {OECD.},
	Title = {OECD Studies on Water, Meeting the Challenge of Financing Water and Sanitation: Tools and Approaches.},
	Year = {2011}}
